@article{holden2006convergence,
  title={Convergence of a finite difference scheme for the Camassa-Holm equation},
  author={Holden, Helge and Raynaud, Xavier},
  journal={SIAM journal on numerical analysis},
  volume={44},
  number={4},
  pages={1655--1680},
  year={2006},
  publisher={SIAM}
}

@article{dahlby2007geometric,
  title={Geometric integration of nonlinear wave equations},
  author={Dahlby, Morten Lien},
  year={2007},
  publisher={Institutt for matematiske fag}
}

@article{camassa1993integrable,
  title={An integrable shallow water equation with peaked solitons},
  author={Camassa, Roberto and Holm, Darryl D},
  journal={arXiv preprint patt-sol/9305002},
  year={1993}
}